@manual{V351,
  author = {TU Dortmund},
  title = {Versuch zur Fourier-Analyse und Synthese},
  year = 2018
}
